@Book{aimodern,
   author = {Stuart Russel and Peter Norvig},
   title = {Artificial Intelligence - A modern approach},
   publisher = {Pearson Education Inc.},
   isbn = {978-0-13-604259-4},
   pages = {64-119},
   volume = {3},
   year = {2009}
}

@Book{ranta-2011,
   author = {Aarne Ranta},
   title =  {{Grammatical Framework:
              Programming with Multilingual Grammars}},
   publisher = {{CSLI Publications}},
   year = {2011},
   address = "Stanford",
   note = "ISBN-10: 1-57586-626-9 (Paper), 1-57586-627-7 (Cloth)"
}

@Misc{Radev00rankingsuspected,
   author = {Dragomir R. Radev and John Prager},
   title = {Ranking Suspected Answers to Natural Language Questions Using Predictive Annotation},
   year = {2000}
}

@Article{survey,
  author = {Muthukrishnan Ramprasath1 and Shanmugasundaram Hariharan},
  title = {A Survey on Question Answering System},
  publisher = {Science Academy Publisher, United Kingdom},
  note = {ISSN: 2046-6439},
  year = {2012}
}

@inproceedings{KaisserB04,
  author = {Kai√üer, Michael and Becker, Tilman},
  editor = {Voorhees, Ellen M. and Buckland, Lori P.},
  publisher = {National Institute of Standards and Technology (NIST)},
  title = {Question Answering by Searching Large Corpora With Linguistic Methods.},
  year = {2004}
}

@article{quarteroni08designing,
  author = {Quarteroni, Silvia A. and Manandhar, Suresh},
  editor = {Webb, N. and Webber, B.},
  journal = {Journal of Natural Language Engineering, Special issue on Interactive Question Answering},
  keywords = {bot, chatbot, dialogue, qa, questionanswering},
  publisher = {Cambridge University Press},
  title = {{Designing an Interactive Open Domain Question Answering System.}},
  year = {2008}
}

@article{doi:10.1080/10580530.2010.493825,
  author = {Vargas-Vera, Maria and Lytras, Miltiadis   D.},
  title = {AQUA: A Closed-Domain Question Answering System},
  journal = {Information Systems Management},
  volume = {27},
  number = {3},
  pages = {217-225},
  year = {2010},
  doi = {10.1080/10580530.2010.493825},
  URL = {http://www.tandfonline.com/doi/abs/10.1080/10580530.2010.493825},
  eprint = {http://www.tandfonline.com/doi/pdf/10.1080/10580530.2010.493825}
}

