@inproceedings{Huang:2001:SGP:378593.378708,
 author = {Huang, Timothy},
 title = {Strategy game programming projects},
 booktitle = {Proceedings of the Sixth Annual CCSC Northeastern Conference on the Journal of Computing in Small Colleges},
 series = {CCSC '01},
 year = {2001},
 location = {Middlebury, Vermont, United States},
 pages = {205--213},
 numpages = {9},
 url = {http://dl.acm.org/citation.cfm?id=378593.378708},
 acmid = {378708},
 publisher = {Consortium for Computing Sciences in Colleges},
 address = {USA},
}

@incollection{springerlink:10.1007/978-3-540-40031-8_8,
   author = {Sturtevant, Nathan},
   affiliation = {Computer Science Department, University of California, Los Angeles},
   title = {A Comparison of Algorithms for Multi-player Games},
   booktitle = {Computers and Games},
   series = {Lecture Notes in Computer Science},
   editor = {Schaeffer, Jonathan and M\"uller, Martin and Bj\"ornsson, Yngvi},
   publisher = {Springer Berlin / Heidelberg},
   isbn = {978-3-540-20545-6},
   keyword = {Computer Science},
   pages = {108-122},
   volume = {2883},
   url = {http://dx.doi.org/10.1007/978-3-540-40031-8_8},
   note = {10.1007/978-3-540-40031-8\_8},
   year = {2003}
}

@incollection{springerlink:10.1007/11674399_20,
   author = {Sturtevant, Nathan},
   affiliation = {Department of Computing Science, University of Alberta, Edmonton, Alberta, Canada},
   title = {Current Challenges in Multi-player Game Search},
   booktitle = {Computers and Games},
   series = {Lecture Notes in Computer Science},
   editor = {van den Herik, H. and Björnsson, Yngvi and Netanyahu, Nathan},
   publisher = {Springer Berlin / Heidelberg},
   isbn = {978-3-540-32488-1},
   keyword = {Computer Science},
   pages = {285-300},
   volume = {3846},
   url = {http://dx.doi.org/10.1007/11674399_20},
   note = {10.1007/11674399\_20},
   year = {2006}
}

@incollection{springerlink:10.1007/978-3-540-87608-3_4,
   author = {Sturtevant, Nathan},
   affiliation = {University of Alberta Department of Computing Science Edmonton AB Canada T6G 2E8},
   title = {An Analysis of UCT in Multi-player Games},
   booktitle = {Computers and Games},
   series = {Lecture Notes in Computer Science},
   editor = {van den Herik, H. and Xu, Xinhe and Ma, Zongmin and Winands, Mark},
   publisher = {Springer Berlin / Heidelberg},
   isbn = {978-3-540-87607-6},
   keyword = {Computer Science},
   pages = {37-49},
   volume = {5131},
   url = {http://dx.doi.org/10.1007/978-3-540-87608-3_4},
   note = {10.1007/978-3-540-87608-3\_4},
   year = {2008}
}

@misc{cheech,
  author = {Ben Levitt},
  title = {cheech: Chinese Checkers},
  note = {http://\-cheech.\-source\-forge.\-net/},
  year = {2006}
}

@book{aimodern,
   author = {Stuart Russel and Peter Norvig},
   title = {Artificial Intelligence - A modern approach},
   publisher = {Pearson Education Inc.},
   isbn = {978-0-13-604259-4},
   pages = {64-119},
   volume = {3},
   year = {2009}
}

@misc{bordeaux,
   author = {F. Foucaud, J.Terral, A. Parant and J. Radanielina},
   title = {Implémentation du jeu de Dames Chinoises},
   year = {2008},
   url = {http://ftp.jaist.ac.jp/pub/sourceforge/b/project/b1/b1cc/b1cc/Bordeaux1-Chinese-Checkers-1.0/Bordeaux1-Chinese-Checkers-1.0_rreport_french.pdf}
}

@mastersthesis{ulfhake,
   author = "Paula Ulfhake",
   title = "A Chinese Checkers-playing program",
   school = "Lund University",
   address = "Sweden",
   year = {2000}
}

@inproceedings{Clune:2007:HEF:1619797.1619828,
 author = {Clune, James},
 title = {Heuristic evaluation functions for general game playing},
 booktitle = {Proceedings of the 22nd national conference on Artificial intelligence - Volume 2},
 series = {AAAI'07},
 year = {2007},
 isbn = {978-1-57735-323-2},
 location = {Vancouver, British Columbia, Canada},
 pages = {1134--1139},
 numpages = {6},
 url = {http://dl.acm.org/citation.cfm?id=1619797.1619828},
 acmid = {1619828},
 publisher = {AAAI Press},
} 

@inproceedings{Hashavit,
 author = {Anat Hashavit and Shaul Markovitch},
 title = {Max-Prob: An Unbiased Rational Decision Making Procedure for Multiple-Adversary Environments},
 booktitle = {Proceedings of the 22nd International Joint Conference on Artificial Intelligence},
 year = {2011},
 location = {Barcelona, Spain},
}
